@book{islp,
  title={An introduction to statistical learning (python version)},
  author={James, Gareth and Witten, Daniela and Hastie, Trevor and Tibshirani, Robert and others},
  volume={112},
  year={2013},
  publisher={Springer}
}

@book{tabak,
  title={Probability and statistics: The science of uncertainty},
  author={Tabak, John},
  year={2014},
  publisher={Infobase Publishing}
}

@book{demidenko2019advanced,
  title={Advanced statistics with applications in R},
  author={Demidenko, Eugene},
  volume={392},
  year={2019},
  publisher={John Wiley \& Sons}
}

@book{gelman2020regression,
  title={Regression and other stories},
  author={Gelman, Andrew and Hill, Jennifer and Vehtari, Aki},
  year={2020},
  publisher={Cambridge University Press}
}


@article{mehta2019high,
  title={A high-bias, low-variance introduction to machine learning for physicists},
  author={Mehta, Pankaj and Bukov, Marin and Wang, Ching-Hao and Day, Alexandre GR and Richardson, Clint and Fisher, Charles K and Schwab, David J},
  journal={Physics reports},
  volume={810},
  pages={1--124},
  year={2019},
  publisher={Elsevier}
}